@Book{knuth,
  author  = "Donald E. Knuth",
  title   = "The \TeX{}Book",
  address = "Reading, Massachusetts",
  year    = 1984,
  publisher = "Addison-Wesley"
}

@Book{lamport,
  author  = "Leslie Lamport",
  title   = "\LaTeX{}: A Document Preparation System",
  address = "Reading, Massachusetts",
  year    = 1986,
  publisher = "Addison-Wesley"
}

